@Manual{R-base,
  title = {R: A Language and Environment for Statistical Computing},
  author = {{R Core Team}},
  organization = {R Foundation for Statistical Computing},
  address = {Vienna, Austria},
  year = {2020},
  url = {https://www.R-project.org/},
}
@Manual{R-bookdown,
  title = {bookdown: Authoring Books and Technical Documents with R Markdown},
  author = {Yihui Xie},
  year = {2020},
  note = {R package version 0.19},
  url = {https://CRAN.R-project.org/package=bookdown},
}
@Manual{R-dplyr,
  title = {dplyr: A Grammar of Data Manipulation},
  author = {Hadley Wickham and Romain François and Lionel Henry and Kirill Müller},
  year = {2020},
  note = {R package version 0.8.5},
  url = {https://CRAN.R-project.org/package=dplyr},
}
@Manual{R-forcats,
  title = {forcats: Tools for Working with Categorical Variables (Factors)},
  author = {Hadley Wickham},
  year = {2020},
  note = {R package version 0.5.0},
  url = {https://CRAN.R-project.org/package=forcats},
}
@Manual{R-ggplot2,
  title = {ggplot2: Create Elegant Data Visualisations Using the Grammar of Graphics},
  author = {Hadley Wickham and Winston Chang and Lionel Henry and Thomas Lin Pedersen and Kohske Takahashi and Claus Wilke and Kara Woo and Hiroaki Yutani and Dewey Dunnington},
  year = {2020},
  note = {R package version 3.3.0},
  url = {https://CRAN.R-project.org/package=ggplot2},
}
@Manual{R-googleVis,
  title = {googleVis: R Interface to Google Charts},
  author = {Markus Gesmann and Diego {de Castillo}},
  year = {2019},
  note = {R package version 0.6.4},
  url = {https://CRAN.R-project.org/package=googleVis},
}
@Manual{R-gtrendsR,
  title = {gtrendsR: Perform and Display Google Trends Queries},
  author = {Philippe Massicotte and Dirk Eddelbuettel},
  year = {2020},
  note = {R package version 1.4.5},
  url = {https://CRAN.R-project.org/package=gtrendsR},
}
@Manual{R-knitr,
  title = {knitr: A General-Purpose Package for Dynamic Report Generation in R},
  author = {Yihui Xie},
  year = {2020},
  note = {R package version 1.28},
  url = {https://CRAN.R-project.org/package=knitr},
}
@Manual{R-lubridate,
  title = {lubridate: Make Dealing with Dates a Little Easier},
  author = {Vitalie Spinu and Garrett Grolemund and Hadley Wickham},
  year = {2020},
  note = {R package version 1.7.8},
  url = {https://CRAN.R-project.org/package=lubridate},
}
@Manual{R-PerformanceAnalytics,
  title = {PerformanceAnalytics: Econometric Tools for Performance and Risk Analysis},
  author = {Brian G. Peterson and Peter Carl},
  year = {2020},
  note = {R package version 2.0.4},
  url = {https://CRAN.R-project.org/package=PerformanceAnalytics},
}
@Manual{R-purrr,
  title = {purrr: Functional Programming Tools},
  author = {Lionel Henry and Hadley Wickham},
  year = {2020},
  note = {R package version 0.3.4},
  url = {https://CRAN.R-project.org/package=purrr},
}
@Manual{R-pwt9,
  title = {pwt9: Penn World Table (Version 9.x)},
  author = {Achim Zeileis},
  year = {2019},
  note = {R package version 9.1-0},
  url = {https://CRAN.R-project.org/package=pwt9},
}
@Manual{R-quantmod,
  title = {quantmod: Quantitative Financial Modelling Framework},
  author = {Jeffrey A. Ryan and Joshua M. Ulrich},
  year = {2020},
  note = {R package version 0.4.17},
  url = {https://CRAN.R-project.org/package=quantmod},
}
@Manual{R-readr,
  title = {readr: Read Rectangular Text Data},
  author = {Hadley Wickham and Jim Hester and Romain Francois},
  year = {2018},
  note = {R package version 1.3.1},
  url = {https://CRAN.R-project.org/package=readr},
}
@Manual{R-reshape2,
  title = {reshape2: Flexibly Reshape Data: A Reboot of the Reshape Package},
  author = {Hadley Wickham},
  year = {2020},
  note = {R package version 1.4.4},
  url = {https://CRAN.R-project.org/package=reshape2},
}
@Manual{R-rmarkdown,
  title = {rmarkdown: Dynamic Documents for R},
  author = {JJ Allaire and Yihui Xie and Jonathan McPherson and Javier Luraschi and Kevin Ushey and Aron Atkins and Hadley Wickham and Joe Cheng and Winston Chang and Richard Iannone},
  year = {2020},
  note = {R package version 2.1},
  url = {https://CRAN.R-project.org/package=rmarkdown},
}
@Manual{R-spData,
  title = {spData: Datasets for Spatial Analysis},
  author = {Roger Bivand and Jakub Nowosad and Robin Lovelace},
  year = {2020},
  note = {R package version 0.3.5},
  url = {https://CRAN.R-project.org/package=spData},
}
@Manual{R-stringr,
  title = {stringr: Simple, Consistent Wrappers for Common String Operations},
  author = {Hadley Wickham},
  year = {2019},
  note = {R package version 1.4.0},
  url = {https://CRAN.R-project.org/package=stringr},
}
@Manual{R-tibble,
  title = {tibble: Simple Data Frames},
  author = {Kirill Müller and Hadley Wickham},
  year = {2020},
  note = {R package version 3.0.1},
  url = {https://CRAN.R-project.org/package=tibble},
}
@Manual{R-tidyquant,
  title = {tidyquant: Tidy Quantitative Financial Analysis},
  author = {Matt Dancho and Davis Vaughan},
  year = {2020},
  note = {R package version 1.0.0},
  url = {https://CRAN.R-project.org/package=tidyquant},
}
@Manual{R-tidyr,
  title = {tidyr: Tidy Messy Data},
  author = {Hadley Wickham and Lionel Henry},
  year = {2020},
  note = {R package version 1.0.3},
  url = {https://CRAN.R-project.org/package=tidyr},
}
@Manual{R-tidyverse,
  title = {tidyverse: Easily Install and Load the 'Tidyverse'},
  author = {Hadley Wickham},
  year = {2019},
  note = {R package version 1.3.0},
  url = {https://CRAN.R-project.org/package=tidyverse},
}
@Manual{R-tmap,
  title = {tmap: Thematic Maps},
  author = {Martijn Tennekes},
  year = {2020},
  note = {R package version 3.0},
  url = {https://CRAN.R-project.org/package=tmap},
}
@Manual{R-TTR,
  title = {TTR: Technical Trading Rules},
  author = {Joshua Ulrich},
  year = {2019},
  note = {R package version 0.23-6},
  url = {https://CRAN.R-project.org/package=TTR},
}
@Manual{R-usmap,
  title = {usmap: US Maps Including Alaska and Hawaii},
  author = {Paolo {Di Lorenzo}},
  year = {2019},
  note = {R package version 0.5.0},
  url = {https://CRAN.R-project.org/package=usmap},
}
@Manual{R-wbstats,
  title = {wbstats: Programmatic Access to Data and Statistics from the World Bank
API},
  author = {Jesse Piburn},
  year = {2018},
  note = {R package version 0.2},
  url = {https://CRAN.R-project.org/package=wbstats},
}
@Manual{R-xts,
  title = {xts: eXtensible Time Series},
  author = {Jeffrey A. Ryan and Joshua M. Ulrich},
  year = {2020},
  note = {R package version 0.12-0},
  url = {https://CRAN.R-project.org/package=xts},
}
@Manual{R-zoo,
  title = {zoo: S3 Infrastructure for Regular and Irregular Time Series (Z's
Ordered Observations)},
  author = {Achim Zeileis and Gabor Grothendieck and Jeffrey A. Ryan},
  year = {2020},
  note = {R package version 1.8-8},
  url = {https://CRAN.R-project.org/package=zoo},
}
@Book{bookdown2016,
  title = {bookdown: Authoring Books and Technical Documents with {R} Markdown},
  author = {Yihui Xie},
  publisher = {Chapman and Hall/CRC},
  address = {Boca Raton, Florida},
  year = {2016},
  note = {ISBN 978-1138700109},
  url = {https://github.com/rstudio/bookdown},
}
@Book{ggplot22016,
  author = {Hadley Wickham},
  title = {ggplot2: Elegant Graphics for Data Analysis},
  publisher = {Springer-Verlag New York},
  year = {2016},
  isbn = {978-3-319-24277-4},
  url = {https://ggplot2.tidyverse.org},
}
@Article{googleVis2011,
  title = {googleVis: Interface between R and the Google Visualisation API},
  author = {Markus Gesmann and Diego {de Castillo}},
  journal = {The R Journal},
  year = {2011},
  volume = {3},
  number = {2},
  pages = {40--44},
  month = {December},
  url = {https://journal.r-project.org/archive/2011-2/RJournal_2011-2_Gesmann+de~Castillo.pdf},
}
@Book{knitr2015,
  title = {Dynamic Documents with {R} and knitr},
  author = {Yihui Xie},
  publisher = {Chapman and Hall/CRC},
  address = {Boca Raton, Florida},
  year = {2015},
  edition = {2nd},
  note = {ISBN 978-1498716963},
  url = {https://yihui.org/knitr/},
}
@InCollection{knitr2014,
  booktitle = {Implementing Reproducible Computational Research},
  editor = {Victoria Stodden and Friedrich Leisch and Roger D. Peng},
  title = {knitr: A Comprehensive Tool for Reproducible Research in {R}},
  author = {Yihui Xie},
  publisher = {Chapman and Hall/CRC},
  year = {2014},
  note = {ISBN 978-1466561595},
  url = {http://www.crcpress.com/product/isbn/9781466561595},
}
@Article{lubridate2011,
  title = {Dates and Times Made Easy with {lubridate}},
  author = {Garrett Grolemund and Hadley Wickham},
  journal = {Journal of Statistical Software},
  year = {2011},
  volume = {40},
  number = {3},
  pages = {1--25},
  url = {http://www.jstatsoft.org/v40/i03/},
}
@Article{pwt92015,
  title = {The Next Generation of the Penn World Table},
  author = {Robert C. Feenstra and Robert Inklaar and Marcel P. Timmer},
  year = {2015},
  journal = {American Economic Review},
  volume = {105},
  number = {10},
  pages = {3150--3182},
  url = {http://www.ggdc.net/pwt/},
}
@Article{reshape22007,
  title = {Reshaping Data with the {reshape} Package},
  author = {Hadley Wickham},
  journal = {Journal of Statistical Software},
  year = {2007},
  volume = {21},
  number = {12},
  pages = {1--20},
  url = {http://www.jstatsoft.org/v21/i12/},
}
@Book{rmarkdown2018,
  title = {R Markdown: The Definitive Guide},
  author = {Yihui Xie and J.J. Allaire and Garrett Grolemund},
  publisher = {Chapman and Hall/CRC},
  address = {Boca Raton, Florida},
  year = {2018},
  note = {ISBN 9781138359338},
  url = {https://bookdown.org/yihui/rmarkdown},
}
@Article{tidyverse2019,
  title = {Welcome to the {tidyverse}},
  author = {Hadley Wickham and Mara Averick and Jennifer Bryan and Winston Chang and Lucy D'Agostino McGowan and Romain François and Garrett Grolemund and Alex Hayes and Lionel Henry and Jim Hester and Max Kuhn and Thomas Lin Pedersen and Evan Miller and Stephan Milton Bache and Kirill Müller and Jeroen Ooms and David Robinson and Dana Paige Seidel and Vitalie Spinu and Kohske Takahashi and Davis Vaughan and Claus Wilke and Kara Woo and Hiroaki Yutani},
  year = {2019},
  journal = {Journal of Open Source Software},
  volume = {4},
  number = {43},
  pages = {1686},
  doi = {10.21105/joss.01686},
}
@Article{tmap2018,
  title = {{tmap}: Thematic Maps in {R}},
  author = {Martijn Tennekes},
  journal = {Journal of Statistical Software},
  year = {2018},
  volume = {84},
  number = {6},
  pages = {1--39},
  doi = {10.18637/jss.v084.i06},
}
@Manual{wbstats2018,
  title = {wbstats: Programmatic Access to the World Bank API},
  author = {Jesse Piburn},
  organization = {Oak Ridge National Laboratory},
  address = {Oak Ridge, Tennessee},
  year = {2018},
  url = {https://www.ornl.gov/division/csed/gist},
}
@Article{zoo2005,
  title = {zoo: S3 Infrastructure for Regular and Irregular Time Series},
  author = {Achim Zeileis and Gabor Grothendieck},
  journal = {Journal of Statistical Software},
  year = {2005},
  volume = {14},
  number = {6},
  pages = {1--27},
  doi = {10.18637/jss.v014.i06},
}
