@book{core,
  title = {The Economy},
  author = {{The CORE Team}},
  publisher = {Oxford University Press},
  date = 2020,
  address = {New York, NY},
  url = {https://core-econ.org/the-economy/?lang=en}
}

@book{doing,
  title = {Doing Economics},
  author = {{The CORE Team}},
  publisher = {Oxford University Press},
  date = 2020,
  address = {New York, NY},
  url = {https://www.core-econ.org/doing-economics/index.html}
}

@book{espp,
  title = {Economy, Society, \& Public Policy},
  author = {{The CORE Team}},
  publisher = {Oxford University Press},
  date = 2020,
  address = {New York, NY},
  url = {https://www.core-econ.org/espp/index.html}
}


@book{tw,
  title = {Principles of Economics},
  author = {John B. Taylor and Akila Weerapana},
  publisher = {FlatWorld},
  date = 2018,
  address = {Boston, MA}
}